@book{RefWorks:doc:6049e6458f08a1274936fc32,
	author={Abraham Silberschatz and Henry F. Korth and S. Sudarshan},
	year={2011},
	title={Database system concepts},
	publisher={McGraw-Hill},
	address={New York},
	edition={6. ed., internat. ed.},
	isbn={9780071289597}
}
