@book{RefWorks:doc:6049e6458f08a1274936fc32,
	author={Abraham Silberschatz, Henry F. Korth y S. Sudarshan},
	year={2011},
	title={Database system concepts},
	publisher={McGraw-Hill},
	address={Nueva York},
	edition={6},
	isbn={9780071289597}
}
